<record><leader>00000cas a2200000 a 4500</leader><controlfield tag="001">11501448</controlfield><controlfield tag="008">841217d19uu19uucausr ne      0    0eng c</controlfield><datafield ind1=" " ind2=" " tag="010"><subfield code="a">sn2007059032</subfield><subfield code="z">sn2003060810</subfield></datafield><datafield ind1=" " ind2=" " tag="040"><subfield code="a">JNA</subfield><subfield code="b">eng</subfield><subfield code="c">JNA</subfield><subfield code="d">NSD</subfield><subfield code="d">JNA</subfield><subfield code="d">NSD</subfield><subfield code="d">OCL</subfield><subfield code="d">OCLCQ</subfield><subfield code="d">NYS</subfield><subfield code="d">DLC</subfield><subfield code="d">OCLCQ</subfield><subfield code="d">OCLCF</subfield><subfield code="d">OCLCO</subfield></datafield><datafield ind1=" " ind2=" " tag="042"><subfield code="a">pcc</subfield></datafield><datafield ind1=" " ind2=" " tag="043"><subfield code="a">n-us-ca</subfield></datafield><datafield ind1=" " ind2="4" tag="050"><subfield code="a">E184.F4</subfield><subfield code="b">A842</subfield></datafield><datafield ind1="0" ind2="0" tag="245"><subfield code="a">Asian American news.</subfield></datafield><datafield ind1=" " ind2=" " tag="260"><subfield code="a">Los Angeles, Calif. :</subfield><subfield code="b">Communications Entrepreneurs,</subfield><subfield code="c">19 -</subfield></datafield><datafield ind1=" " ind2=" " tag="300"><subfield code="a">v. :</subfield><subfield code="b">ill. ;</subfield><subfield code="c">44 cm.</subfield></datafield><datafield ind1=" " ind2=" " tag="310"><subfield code="a">"Published every 1st and 16th of the month."</subfield></datafield><datafield ind1=" " ind2=" " tag="500"><subfield code="a">Each issue includes section with separate numbering: Balitaan.</subfield></datafield><datafield ind1=" " ind2=" " tag="588"><subfield code="a">Description based on: Vol. 5, no. 15 (Aug. 1-15, 1980); title from masthead.</subfield></datafield><datafield ind1=" " ind2="0" tag="650"><subfield code="a">Asian Americans</subfield><subfield code="v">Newspapers.</subfield></datafield><datafield ind1=" " ind2="0" tag="650"><subfield code="a">Filipino Americans</subfield><subfield code="v">Newspapers.</subfield></datafield><datafield ind1=" " ind2="0" tag="650"><subfield code="a">Filipinos</subfield><subfield code="z">United States</subfield><subfield code="v">Newspapers.</subfield></datafield><datafield ind1=" " ind2="0" tag="650"><subfield code="a">Filipino Americans</subfield><subfield code="z">California</subfield><subfield code="v">Newspapers.</subfield></datafield><datafield ind1=" " ind2="0" tag="651"><subfield code="a">Los Angeles (Calif.)</subfield><subfield code="v">Newspapers.</subfield></datafield><datafield ind1=" " ind2="0" tag="651"><subfield code="a">Los Angeles County (Calif.)</subfield><subfield code="v">Newspapers.</subfield></datafield><datafield ind1=" " ind2="7" tag="655"><subfield code="a">Newspapers.</subfield><subfield code="2">fast</subfield><subfield code="0">(OCoLC)fst01423814</subfield></datafield><datafield ind1=" " ind2="7" tag="650"><subfield code="a">Asian Americans.</subfield><subfield code="2">fast</subfield><subfield code="0">(OCoLC)fst00818620</subfield></datafield><datafield ind1=" " ind2="7" tag="650"><subfield code="a">Filipino Americans.</subfield><subfield code="2">fast</subfield><subfield code="0">(OCoLC)fst00924194</subfield></datafield><datafield ind1=" " ind2="7" tag="650"><subfield code="a">Filipinos.</subfield><subfield code="2">fast</subfield><subfield code="0">(OCoLC)fst00924213</subfield></datafield><datafield ind1=" " ind2="7" tag="651"><subfield code="a">California.</subfield><subfield code="2">fast</subfield><subfield code="0">(OCoLC)fst01204928</subfield></datafield><datafield ind1=" " ind2="7" tag="651"><subfield code="a">California</subfield><subfield code="z">Los Angeles.</subfield><subfield code="2">fast</subfield><subfield code="0">(OCoLC)fst01204540</subfield></datafield><datafield ind1=" " ind2="7" tag="651"><subfield code="a">California</subfield><subfield code="z">Los Angeles County.</subfield><subfield code="2">fast</subfield><subfield code="0">(OCoLC)fst01205194</subfield></datafield><datafield ind1=" " ind2="7" tag="651"><subfield code="a">United States.</subfield><subfield code="2">fast</subfield><subfield code="0">(OCoLC)fst01204155</subfield></datafield><datafield ind1="0" ind2="2" tag="730"><subfield code="a">Balitaan.</subfield></datafield><datafield ind1=" " ind2=" " tag="752"><subfield code="a">United States</subfield><subfield code="b">California</subfield><subfield code="c">Los Angeles</subfield><subfield code="d">Los Angeles.</subfield></datafield><datafield ind1="0" ind2="5" tag="780"><subfield code="t">Balitaan</subfield><subfield code="w">(OCoLC)3302339</subfield></datafield><datafield ind1="0" ind2="0" tag="785"><subfield code="t">Philippine American news</subfield><subfield code="x">0884-0202</subfield><subfield code="w">(DLC)sn 85009917</subfield><subfield code="w">(OCoLC)12283482</subfield></datafield></record>